@article{Anderson90tpds,
  author    = "Thomas E. Anderson",
  title     = "The Performance of Spin Lock Alternatives for Shared-Memory Multiprocessors",
  journal   = "{IEEE} Trans. Parallel Distrib. Syst.",
  volume    = "1",
  number    = "1",
  pages     = "6--16",
  year      = "1990",
  doi       = "10.1109/71.80120",
}

@inproceedings{OgataF03fmoods,
  author    = "Kazuhiro Ogata and
               Kokichi Futatsugi",
  title     = "Proof Scores in the {OTS/CafeOBJ} Method",
  booktitle = "{FMOODS} 2003",
  pages     = "170--184",
  year      = "2003",
  doi       = "10.1007/978-3-540-39958-2\_12",
}

@inproceedings{OgataF06birthday,
  author    = {{K. Ogata and K. Futatsugi}},
  title     = "Some Tips on Writing Proof Scores in the {OTS/CafeOBJ} Method",
  booktitle = "Algebra, Meaning, and Computation", 
  pages     = "596--615",
  year      = "2006",
  doi       = "10.1007/11780274\_31",
}

@book{DiaconescuF98amast,
  author    = "Razvan Diaconescu and
               Kokichi Futatsugi",
  title     = "Cafeobj Report",
  series    = "{AMAST} Series in Computing",
  volume    = "6",
  publisher = "World Scientific",
  year      = "1998",
  doi       = "10.1142/3831",
}

@article{RiescoO18tosem,
  author    = "Adri{\'{a}}n Riesco and
               Kazuhiro Ogata",
  title     = "Prove it! {Inferring} Formal Proof Scripts from {CafeOBJ} Proof Scores",
  journal   = "{ACM} Trans. Softw. Eng. Methodol.",
  volume    = "27",
  number    = "2",
  pages     = "6:1--6:32",
  year      = "2018",
  doi       = "10.1145/3208951",
}

@article{RiescoOF17fac,
  author    = "Adri{\'{a}}n Riesco and
               Kazuhiro Ogata and
               Kokichi Futatsugi",
  title     = "A {Maude} environment for {CafeOBJ}",
  journal   = "Formal Asp. Comput.",
  volume    = "29",
  number    = "2",
  pages     = "309--334",
  year      = "2017",
  doi       = "10.1007/s00165-016-0398-7",
}

;  editor    = "Manuel Clavel and
;               Francisco Dur{\'{a}}n and
;               Steven Eker and
;               Patrick Lincoln and
;               Narciso Mart{\'{\i}}{-}Oliet and
;               Jos{\'{e}} Meseguer and
;               Carolyn L. Talcott",
@book{ClavelEtal2007maude,
  editor    = "{M. Clavel, et al.}",
  title     = "All About Maude",
  series    = "Lecture Notes in Computer Science",
  volume    = "4350",
  publisher = "Springer",
  year      = "2007",
  doi       = "10.1007/978-3-540-71999-1",
}

@article{OgataF08entcs,
  author    = "Kazuhiro Ogata and
               Kokichi Futatsugi",
  title     = "Simulation-based Verification for Invariant Properties in the {OTS/CafeOBJ}
               Method",
  journal   = "Electron. Notes Theor. Comput. Sci.",
  volume    = "201",
  pages     = "127--154",
  year      = "2008",
  doi       = "10.1016/j.entcs.2008.02.018",
}

@inproceedings{OgataF99FMOCMW,
  author    = {{K. Ogata and K. Futatsugi}},
  title     = "Specification and verification of some classical mutual exclusion algorithms with {CafeOBJ}",
  booktitle = "OBJ/CafeOBJ/Maude Workshop at Formal Methods 1999", 
  pages     = "159--177",
  year      = "1999",
}

@inproceedings{Wang99fm,
  author    = "Farn Wang",
  title     = "Automatic Verification of Pointer Data-Structure Systems for All Numbers
               of Processes",
  booktitle = "World Congress on Formal Methods 1999",
  pages     = "328--347",
  year      = "1999",
  doi       = "10.1007/3-540-48119-2\_20",
}

@article{Mellor-CrummeyS91tocs,
  author    = "John M. Mellor{-}Crummey and
               Michael L. Scott",
  title     = "Algorithms for Scalable Synchronization on Shared-Memory Multiprocessors",
  journal   = "{ACM} Trans. Comput. Syst.",
  volume    = "9",
  number    = "1",
  pages     = "21--65",
  year      = "1991",
  doi       = "10.1145/103727.103729",
}

@inproceedings{GarlandG89rta,
  author    = "Stephen J. Garland and
               John V. Guttag",
  title     = "An Overview of {LP}, The Larch Power",
  booktitle = "RTA-89", 
  pages     = "137--151",
  year      = "1989",
  doi       = "10.1007/3-540-51081-8\_105",
}
@book{iff2001,
	author    = {Ross J. Anderson},
	title     = {Security engineering - {A} guide to building dependable distributed
	systems},
	publisher = {Wiley},
	year      = {2001},
	isbn      = {978-0-471-38922-4},
	timestamp = {Tue, 12 Apr 2011 15:08:26 +0200},
	biburl    = {https://dblp.org/rec/books/daglib/0004299.bib},
	bibsource = {dblp computer science bibliography, https://dblp.org}
}
@article{nslpk95,
	author    = {Gavin Lowe},
	title     = {{An Attack on the Needham-Schroeder Public-Key Authentication Protocol}},
	journal   = {Inf. Process. Lett.},
	volume    = {56},
	number    = {3},
	pages     = {131--133},
	year      = {1995},
	doi       = {10.1016/0020-0190(95)00144-2},
	timestamp = {Wed, 14 Nov 2018 10:49:28 +0100},
	biburl    = {https://dblp.org/rec/journals/ipl/Lowe95.bib},
	bibsource = {dblp computer science bibliography, https://dblp.org}
}
@article{nspk78,
	author    = {Roger M. Needham and
	Michael D. Schroeder},
	title     = {{Using Encryption for Authentication in Large Networks of Computers}},
	journal   = {Commun. {ACM}},
	volume    = {21},
	number    = {12},
	pages     = {993--999},
	year      = {1978},
	doi       = {10.1145/359657.359659},
	timestamp = {Wed, 14 Nov 2018 10:22:36 +0100},
	biburl    = {https://dblp.org/rec/journals/cacm/NeedhamS78.bib},
	bibsource = {dblp computer science bibliography, https://dblp.org}
}
a service of Schloss Dagstuhl - Leibniz Center for Informatics	homebrowsesearchabout

@inproceedings{duongtd20,
	author    = {Duong Dinh Tran and
	Kazuhiro Ogata},
	title     = {Formal verification of an abstract version of {Anderson} protocol with
	{CafeOBJ, CiMPA and CiMPG}},
	booktitle = {{SEKE} 2020},
	pages     = {287--292},
	year      = {2020},
	doi       = {10.18293/SEKE2020-064},
}
@inproceedings{futatsugi05,
	author = {Futatsugi, Kokichi and Goguen, Joseph and Ogata, Kazuhiro},
	year = {2005},
	month = {10},
	pages = {277-290},
	title = {Verifying Design with Proof Scores},
	volume = {4171},
	isbn = {978-3-540-69147-1},
	doi = {10.1007/978-3-540-69149-5_30}
}
@article{nakano07,
	author = {NAKANO, MASAHIRO and OGATA, KAZUHIRO and NAKAMURA, MASAKI and FUTATSUGI, KOKICHI},
	title = {CRÃˆME: AN AUTOMATIC INVARIANT PROVER OF BEHAVIORAL SPECIFICATIONS},
	journal = {IJSEKE},
	volume = {17},
	number = {06},
	pages = {783-804},
	year = {2007},
	doi = {10.1142/S0218194007003458},
	,
}

@InProceedings{adrian20,
	author="Riesco, Adri{\'a}n
	and Ogata, Kazuhiro",
	editor="Pun, Violet Ka I.
	and Stolz, Volker
	and Simao, Adenilso",
	title="CiMPG+F: A Proof Generator and Fixer-Upper for CafeOBJ Specifications",
	booktitle="Theoretical Aspects of Computing -- ICTAC 2020",
	year="2020",
	publisher="Springer International Publishing",
	address="Cham",
	pages="64--82"
}

